
<record>
  <controlfield tag="001">790350</controlfield>
  <datafield tag="024" ind1="7" ind2=" ">
    <subfield code="2">DOI</subfield>
    <subfield code="a">10.1103/PhysRevLett.101.252301</subfield>
  </datafield>
  <datafield tag="035" ind1=" " ind2=" ">
    <subfield code="9">arXiv</subfield>
    <subfield code="a">oai:arXiv.org:0807.1518</subfield>
    <subfield code="z">oai:arXiv.org:0807.1518</subfield>
  </datafield>
  <datafield tag="035" ind1=" " ind2=" ">
    <subfield code="9">DESY</subfield>
    <subfield code="z">D08-07124</subfield>
  </datafield>
  <datafield tag="035" ind1=" " ind2=" ">
    <subfield code="9">SPIRESTeX</subfield>
    <subfield code="a">Abelev:2008jga</subfield>
  </datafield>
  <datafield tag="035" ind1=" " ind2=" ">
    <subfield code="a">2008PhRvL.101y2301A</subfield>
    <subfield code="9">ADS</subfield>
  </datafield>
  <datafield tag="035" ind1=" " ind2=" ">
    <subfield code="9">OSTI</subfield>
    <subfield code="a">963863</subfield>
  </datafield>
  <datafield tag="035" ind1=" " ind2=" ">
    <subfield code="a">in2p3-00294632</subfield>
    <subfield code="9">HAL</subfield>
  </datafield>
  <datafield tag="037" ind1=" " ind2=" ">
    <subfield code="9">arXiv</subfield>
    <subfield code="a">arXiv:0807.1518</subfield>
    <subfield code="c">nucl-ex</subfield>
  </datafield>
  <datafield tag="245" ind1=" " ind2=" ">
    <subfield code="a">System-size independence of directed flow at the Relativistic Heavy-Ion Collider</subfield>
  </datafield>
  <datafield tag="710" ind1=" " ind2=" ">
    <subfield code="g">STAR</subfield>
  </datafield>
</record>